<?xml version="1.0" encoding="UTF-8"?><collection xmlns="http://www.loc.gov/MARC21/slim"><record><leader>00348nam--2200121-i-4500</leader><controlfield tag="001">000004973</controlfield><controlfield tag="002">20161230</controlfield><controlfield tag="005">20161230201026</controlfield><controlfield tag="008">060222s1000------------r-----000-0-eng-d</controlfield><datafield ind1=" " ind2=" " tag="100"><subfield code="a">Ackermann, Gerhard</subfield></datafield><datafield ind1=" " ind2=" " tag="245"><subfield code="a">Einfuhrung in die qualitative anorganische halbmikroanalyse</subfield></datafield><datafield ind1=" " ind2=" " tag="260"><subfield code="a">Berlin, Veb Verlag Technik, 1959 159 P. + 9 Figuri</subfield></datafield><datafield ind1=" " ind2=" " tag="852"><subfield code="a">6809</subfield></datafield></record></collection>